%YAML 1.1
%TAG !u! tag:unity3d.com,2011:
--- !u!29 &1
OcclusionCullingSettings:
  m_ObjectHideFlags: 0
  serializedVersion: 2
  m_OcclusionBakeSettings:
    smallestOccluder: 5
    smallestHole: 0.25
    backfaceThreshold: 100
  m_SceneGUID: 00000000000000000000000000000000
  m_OcclusionCullingData: {fileID: 0}
--- !u!104 &2
RenderSettings:
  m_ObjectHideFlags: 0
  serializedVersion: 9
  m_Fog: 0
  m_FogColor: {r: 0.5, g: 0.5, b: 0.5, a: 1}
  m_FogMode: 3
  m_FogDensity: 0.01
  m_LinearFogStart: 0
  m_LinearFogEnd: 300
  m_AmbientSkyColor: {r: 0.212, g: 0.227, b: 0.259, a: 1}
  m_AmbientEquatorColor: {r: 0.114, g: 0.125, b: 0.133, a: 1}
  m_AmbientGroundColor: {r: 0.047, g: 0.043, b: 0.035, a: 1}
  m_AmbientIntensity: 1
  m_AmbientMode: 3
  m_SubtractiveShadowColor: {r: 0.42, g: 0.478, b: 0.627, a: 1}
  m_SkyboxMaterial: {fileID: 0}
  m_HaloStrength: 0.5
  m_FlareStrength: 1
  m_FlareFadeSpeed: 3
  m_HaloTexture: {fileID: 0}
  m_SpotCookie: {fileID: 10001, guid: 0000000000000000e000000000000000, type: 0}
  m_DefaultReflectionMode: 0
  m_DefaultReflectionResolution: 128
  m_ReflectionBounces: 1
  m_ReflectionIntensity: 1
  m_CustomReflection: {fileID: 0}
  m_Sun: {fileID: 0}
  m_IndirectSpecularColor: {r: 0, g: 0, b: 0, a: 1}
  m_UseRadianceAmbientProbe: 0
--- !u!157 &3
LightmapSettings:
  m_ObjectHideFlags: 0
  serializedVersion: 11
  m_GIWorkflowMode: 1
  m_GISettings:
    serializedVersion: 2
    m_BounceScale: 1
    m_IndirectOutputScale: 1
    m_AlbedoBoost: 1
    m_EnvironmentLightingMode: 0
    m_EnableBakedLightmaps: 0
    m_EnableRealtimeLightmaps: 0
  m_LightmapEditorSettings:
    serializedVersion: 12
    m_Resolution: 2
    m_BakeResolution: 40
    m_AtlasSize: 1024
    m_AO: 0
    m_AOMaxDistance: 1
    m_CompAOExponent: 1
    m_CompAOExponentDirect: 0
    m_ExtractAmbientOcclusion: 0
    m_Padding: 2
    m_LightmapParameters: {fileID: 0}
    m_LightmapsBakeMode: 1
    m_TextureCompression: 1
    m_FinalGather: 0
    m_FinalGatherFiltering: 1
    m_FinalGatherRayCount: 256
    m_ReflectionCompression: 2
    m_MixedBakeMode: 2
    m_BakeBackend: 0
    m_PVRSampling: 1
    m_PVRDirectSampleCount: 32
    m_PVRSampleCount: 500
    m_PVRBounces: 2
    m_PVREnvironmentSampleCount: 500
    m_PVREnvironmentReferencePointCount: 2048
    m_PVRFilteringMode: 2
    m_PVRDenoiserTypeDirect: 0
    m_PVRDenoiserTypeIndirect: 0
    m_PVRDenoiserTypeAO: 0
    m_PVRFilterTypeDirect: 0
    m_PVRFilterTypeIndirect: 0
    m_PVRFilterTypeAO: 0
    m_PVREnvironmentMIS: 0
    m_PVRCulling: 1
    m_PVRFilteringGaussRadiusDirect: 1
    m_PVRFilteringGaussRadiusIndirect: 5
    m_PVRFilteringGaussRadiusAO: 2
    m_PVRFilteringAtrousPositionSigmaDirect: 0.5
    m_PVRFilteringAtrousPositionSigmaIndirect: 2
    m_PVRFilteringAtrousPositionSigmaAO: 1
    m_ExportTrainingData: 0
    m_TrainingDataDestination: TrainingData
  m_LightingDataAsset: {fileID: 0}
  m_UseShadowmask: 1
--- !u!196 &4
NavMeshSettings:
  serializedVersion: 2
  m_ObjectHideFlags: 0
  m_BuildSettings:
    serializedVersion: 2
    agentTypeID: 0
    agentRadius: 0.5
    agentHeight: 2
    agentSlope: 45
    agentClimb: 0.4
    ledgeDropHeight: 0
    maxJumpAcrossDistance: 0
    minRegionArea: 2
    manualCellSize: 0
    cellSize: 0.16666667
    manualTileSize: 0
    tileSize: 256
    accuratePlacement: 0
    debug:
      m_Flags: 0
  m_NavMeshData: {fileID: 0}
--- !u!4 &266047593 stripped
Transform:
  m_CorrespondingSourceObject: {fileID: 600068294058337937, guid: d70bbb4cefbc19443bea9b863644dc43,
    type: 3}
  m_PrefabInstance: {fileID: 448589269}
  m_PrefabAsset: {fileID: 0}
--- !u!1001 &448589269
PrefabInstance:
  m_ObjectHideFlags: 0
  serializedVersion: 2
  m_Modification:
    m_TransformParent: {fileID: 924092429}
    m_Modifications:
    - target: {fileID: 600068294058337935, guid: d70bbb4cefbc19443bea9b863644dc43,
        type: 3}
      propertyPath: m_Name
      value: MetalBlock (1)
      objectReference: {fileID: 0}
    - target: {fileID: 600068294058337937, guid: d70bbb4cefbc19443bea9b863644dc43,
        type: 3}
      propertyPath: m_LocalPosition.x
      value: 8
      objectReference: {fileID: 0}
    - target: {fileID: 600068294058337937, guid: d70bbb4cefbc19443bea9b863644dc43,
        type: 3}
      propertyPath: m_LocalPosition.y
      value: 5
      objectReference: {fileID: 0}
    - target: {fileID: 600068294058337937, guid: d70bbb4cefbc19443bea9b863644dc43,
        type: 3}
      propertyPath: m_LocalPosition.z
      value: 0
      objectReference: {fileID: 0}
    - target: {fileID: 600068294058337937, guid: d70bbb4cefbc19443bea9b863644dc43,
        type: 3}
      propertyPath: m_LocalRotation.x
      value: -0
      objectReference: {fileID: 0}
    - target: {fileID: 600068294058337937, guid: d70bbb4cefbc19443bea9b863644dc43,
        type: 3}
      propertyPath: m_LocalRotation.y
      value: -0
      objectReference: {fileID: 0}
    - target: {fileID: 600068294058337937, guid: d70bbb4cefbc19443bea9b863644dc43,
        type: 3}
      propertyPath: m_LocalRotation.z
      value: -0
      objectReference: {fileID: 0}
    - target: {fileID: 600068294058337937, guid: d70bbb4cefbc19443bea9b863644dc43,
        type: 3}
      propertyPath: m_LocalRotation.w
      value: 1
      objectReference: {fileID: 0}
    - target: {fileID: 600068294058337937, guid: d70bbb4cefbc19443bea9b863644dc43,
        type: 3}
      propertyPath: m_RootOrder
      value: 2
      objectReference: {fileID: 0}
    - target: {fileID: 600068294058337937, guid: d70bbb4cefbc19443bea9b863644dc43,
        type: 3}
      propertyPath: m_LocalEulerAnglesHint.x
      value: 0
      objectReference: {fileID: 0}
    - target: {fileID: 600068294058337937, guid: d70bbb4cefbc19443bea9b863644dc43,
        type: 3}
      propertyPath: m_LocalEulerAnglesHint.y
      value: 0
      objectReference: {fileID: 0}
    - target: {fileID: 600068294058337937, guid: d70bbb4cefbc19443bea9b863644dc43,
        type: 3}
      propertyPath: m_LocalEulerAnglesHint.z
      value: 0
      objectReference: {fileID: 0}
    - target: {fileID: 600068294058337939, guid: d70bbb4cefbc19443bea9b863644dc43,
        type: 3}
      propertyPath: gameManager
      value: 
      objectReference: {fileID: 0}
    m_RemovedComponents: []
  m_SourcePrefab: {fileID: 100100000, guid: d70bbb4cefbc19443bea9b863644dc43, type: 3}
--- !u!20 &519420031 stripped
Camera:
  m_CorrespondingSourceObject: {fileID: 4747325699877283922, guid: 7b4abaef20df4f34ea7051b3b5b3a090,
    type: 3}
  m_PrefabInstance: {fileID: 4747325699649507373}
  m_PrefabAsset: {fileID: 0}
--- !u!1 &924092428
GameObject:
  m_ObjectHideFlags: 0
  m_CorrespondingSourceObject: {fileID: 0}
  m_PrefabInstance: {fileID: 0}
  m_PrefabAsset: {fileID: 0}
  serializedVersion: 6
  m_Component:
  - component: {fileID: 924092429}
  m_Layer: 0
  m_Name: Blocks
  m_TagString: Untagged
  m_Icon: {fileID: 0}
  m_NavMeshLayer: 0
  m_StaticEditorFlags: 0
  m_IsActive: 1
--- !u!4 &924092429
Transform:
  m_ObjectHideFlags: 0
  m_CorrespondingSourceObject: {fileID: 0}
  m_PrefabInstance: {fileID: 0}
  m_PrefabAsset: {fileID: 0}
  m_GameObject: {fileID: 924092428}
  m_LocalRotation: {x: 0, y: 0, z: 0, w: 1}
  m_LocalPosition: {x: 0, y: 0, z: 0}
  m_LocalScale: {x: 1, y: 1, z: 1}
  m_Children:
  - {fileID: 1034020500606115552}
  - {fileID: 266047593}
  m_Father: {fileID: 0}
  m_RootOrder: 6
  m_LocalEulerAnglesHint: {x: 0, y: 0, z: 0}
--- !u!1 &966959538
GameObject:
  m_ObjectHideFlags: 0
  m_CorrespondingSourceObject: {fileID: 0}
  m_PrefabInstance: {fileID: 0}
  m_PrefabAsset: {fileID: 0}
  serializedVersion: 6
  m_Component:
  - component: {fileID: 966959540}
  - component: {fileID: 966959539}
  m_Layer: 0
  m_Name: LevelManager
  m_TagString: Untagged
  m_Icon: {fileID: 0}
  m_NavMeshLayer: 0
  m_StaticEditorFlags: 0
  m_IsActive: 1
--- !u!114 &966959539
MonoBehaviour:
  m_ObjectHideFlags: 0
  m_CorrespondingSourceObject: {fileID: 0}
  m_PrefabInstance: {fileID: 0}
  m_PrefabAsset: {fileID: 0}
  m_GameObject: {fileID: 966959538}
  m_Enabled: 1
  m_EditorHideFlags: 0
  m_Script: {fileID: 11500000, guid: 1ccb25504caa9a74fb7b0b709e374afe, type: 3}
  m_Name: 
  m_EditorClassIdentifier: 
  blockCount: 0
--- !u!4 &966959540
Transform:
  m_ObjectHideFlags: 0
  m_CorrespondingSourceObject: {fileID: 0}
  m_PrefabInstance: {fileID: 0}
  m_PrefabAsset: {fileID: 0}
  m_GameObject: {fileID: 966959538}
  m_LocalRotation: {x: 0, y: 0, z: 0, w: 1}
  m_LocalPosition: {x: 8.012225, y: 6.0267353, z: -87.109375}
  m_LocalScale: {x: 1, y: 1, z: 1}
  m_Children: []
  m_Father: {fileID: 0}
  m_RootOrder: 8
  m_LocalEulerAnglesHint: {x: 0, y: 0, z: 0}
--- !u!1 &1082430306
GameObject:
  m_ObjectHideFlags: 0
  m_CorrespondingSourceObject: {fileID: 0}
  m_PrefabInstance: {fileID: 0}
  m_PrefabAsset: {fileID: 0}
  serializedVersion: 6
  m_Component:
  - component: {fileID: 1082430308}
  - component: {fileID: 1082430307}
  m_Layer: 0
  m_Name: SceneLoader
  m_TagString: Untagged
  m_Icon: {fileID: 0}
  m_NavMeshLayer: 0
  m_StaticEditorFlags: 0
  m_IsActive: 1
--- !u!114 &1082430307
MonoBehaviour:
  m_ObjectHideFlags: 0
  m_CorrespondingSourceObject: {fileID: 0}
  m_PrefabInstance: {fileID: 0}
  m_PrefabAsset: {fileID: 0}
  m_GameObject: {fileID: 1082430306}
  m_Enabled: 1
  m_EditorHideFlags: 0
  m_Script: {fileID: 11500000, guid: dd46d2c8b29993045a0a0099fd5849f8, type: 3}
  m_Name: 
  m_EditorClassIdentifier: 
--- !u!4 &1082430308
Transform:
  m_ObjectHideFlags: 0
  m_CorrespondingSourceObject: {fileID: 0}
  m_PrefabInstance: {fileID: 0}
  m_PrefabAsset: {fileID: 0}
  m_GameObject: {fileID: 1082430306}
  m_LocalRotation: {x: 0, y: 0, z: 0, w: 1}
  m_LocalPosition: {x: 923.512, y: 371.59344, z: -483.69785}
  m_LocalScale: {x: 1, y: 1, z: 1}
  m_Children: []
  m_Father: {fileID: 0}
  m_RootOrder: 2
  m_LocalEulerAnglesHint: {x: 0, y: 0, z: 0}
--- !u!114 &1444948586 stripped
MonoBehaviour:
  m_CorrespondingSourceObject: {fileID: 7454789092822018443, guid: b9f5a3f5de3cdfd4ea183efe6a55e245,
    type: 3}
  m_PrefabInstance: {fileID: 7454789092119462881}
  m_PrefabAsset: {fileID: 0}
  m_GameObject: {fileID: 0}
  m_Enabled: 1
  m_EditorHideFlags: 0
  m_Script: {fileID: 11500000, guid: 8a459cd925220c548b122d467e95ddb2, type: 3}
  m_Name: 
  m_EditorClassIdentifier: 
--- !u!1 &1502445057
GameObject:
  m_ObjectHideFlags: 0
  m_CorrespondingSourceObject: {fileID: 0}
  m_PrefabInstance: {fileID: 0}
  m_PrefabAsset: {fileID: 0}
  serializedVersion: 6
  m_Component:
  - component: {fileID: 1502445060}
  - component: {fileID: 1502445059}
  - component: {fileID: 1502445058}
  m_Layer: 0
  m_Name: EventSystem
  m_TagString: Untagged
  m_Icon: {fileID: 0}
  m_NavMeshLayer: 0
  m_StaticEditorFlags: 0
  m_IsActive: 1
--- !u!114 &1502445058
MonoBehaviour:
  m_ObjectHideFlags: 0
  m_CorrespondingSourceObject: {fileID: 0}
  m_PrefabInstance: {fileID: 0}
  m_PrefabAsset: {fileID: 0}
  m_GameObject: {fileID: 1502445057}
  m_Enabled: 1
  m_EditorHideFlags: 0
  m_Script: {fileID: 11500000, guid: 4f231c4fb786f3946a6b90b886c48677, type: 3}
  m_Name: 
  m_EditorClassIdentifier: 
  m_HorizontalAxis: Horizontal
  m_VerticalAxis: Vertical
  m_SubmitButton: Submit
  m_CancelButton: Cancel
  m_InputActionsPerSecond: 10
  m_RepeatDelay: 0.5
  m_ForceModuleActive: 0
--- !u!114 &1502445059
MonoBehaviour:
  m_ObjectHideFlags: 0
  m_CorrespondingSourceObject: {fileID: 0}
  m_PrefabInstance: {fileID: 0}
  m_PrefabAsset: {fileID: 0}
  m_GameObject: {fileID: 1502445057}
  m_Enabled: 1
  m_EditorHideFlags: 0
  m_Script: {fileID: 11500000, guid: 76c392e42b5098c458856cdf6ecaaaa1, type: 3}
  m_Name: 
  m_EditorClassIdentifier: 
  m_FirstSelected: {fileID: 0}
  m_sendNavigationEvents: 1
  m_DragThreshold: 10
--- !u!4 &1502445060
Transform:
  m_ObjectHideFlags: 0
  m_CorrespondingSourceObject: {fileID: 0}
  m_PrefabInstance: {fileID: 0}
  m_PrefabAsset: {fileID: 0}
  m_GameObject: {fileID: 1502445057}
  m_LocalRotation: {x: 0, y: 0, z: 0, w: 1}
  m_LocalPosition: {x: 0, y: 0, z: 0}
  m_LocalScale: {x: 1, y: 1, z: 1}
  m_Children: []
  m_Father: {fileID: 0}
  m_RootOrder: 1
  m_LocalEulerAnglesHint: {x: 0, y: 0, z: 0}
--- !u!1001 &435242526401312881
PrefabInstance:
  m_ObjectHideFlags: 0
  serializedVersion: 2
  m_Modification:
    m_TransformParent: {fileID: 924092429}
    m_Modifications:
    - target: {fileID: 600068294058337935, guid: d70bbb4cefbc19443bea9b863644dc43,
        type: 3}
      propertyPath: m_Name
      value: MetalBlock
      objectReference: {fileID: 0}
    - target: {fileID: 600068294058337937, guid: d70bbb4cefbc19443bea9b863644dc43,
        type: 3}
      propertyPath: m_LocalPosition.x
      value: 10
      objectReference: {fileID: 0}
    - target: {fileID: 600068294058337937, guid: d70bbb4cefbc19443bea9b863644dc43,
        type: 3}
      propertyPath: m_LocalPosition.y
      value: 5
      objectReference: {fileID: 0}
    - target: {fileID: 600068294058337937, guid: d70bbb4cefbc19443bea9b863644dc43,
        type: 3}
      propertyPath: m_LocalPosition.z
      value: 0
      objectReference: {fileID: 0}
    - target: {fileID: 600068294058337937, guid: d70bbb4cefbc19443bea9b863644dc43,
        type: 3}
      propertyPath: m_LocalRotation.x
      value: -0
      objectReference: {fileID: 0}
    - target: {fileID: 600068294058337937, guid: d70bbb4cefbc19443bea9b863644dc43,
        type: 3}
      propertyPath: m_LocalRotation.y
      value: -0
      objectReference: {fileID: 0}
    - target: {fileID: 600068294058337937, guid: d70bbb4cefbc19443bea9b863644dc43,
        type: 3}
      propertyPath: m_LocalRotation.z
      value: -0
      objectReference: {fileID: 0}
    - target: {fileID: 600068294058337937, guid: d70bbb4cefbc19443bea9b863644dc43,
        type: 3}
      propertyPath: m_LocalRotation.w
      value: 1
      objectReference: {fileID: 0}
    - target: {fileID: 600068294058337937, guid: d70bbb4cefbc19443bea9b863644dc43,
        type: 3}
      propertyPath: m_RootOrder
      value: 1
      objectReference: {fileID: 0}
    - target: {fileID: 600068294058337937, guid: d70bbb4cefbc19443bea9b863644dc43,
        type: 3}
      propertyPath: m_LocalEulerAnglesHint.x
      value: 0
      objectReference: {fileID: 0}
    - target: {fileID: 600068294058337937, guid: d70bbb4cefbc19443bea9b863644dc43,
        type: 3}
      propertyPath: m_LocalEulerAnglesHint.y
      value: 0
      objectReference: {fileID: 0}
    - target: {fileID: 600068294058337937, guid: d70bbb4cefbc19443bea9b863644dc43,
        type: 3}
      propertyPath: m_LocalEulerAnglesHint.z
      value: 0
      objectReference: {fileID: 0}
    - target: {fileID: 600068294058337939, guid: d70bbb4cefbc19443bea9b863644dc43,
        type: 3}
      propertyPath: gameManager
      value: 
      objectReference: {fileID: 0}
    m_RemovedComponents: []
  m_SourcePrefab: {fileID: 100100000, guid: d70bbb4cefbc19443bea9b863644dc43, type: 3}
--- !u!4 &1034020500606115552 stripped
Transform:
  m_CorrespondingSourceObject: {fileID: 600068294058337937, guid: d70bbb4cefbc19443bea9b863644dc43,
    type: 3}
  m_PrefabInstance: {fileID: 435242526401312881}
  m_PrefabAsset: {fileID: 0}
--- !u!1001 &1676288655983181517
PrefabInstance:
  m_ObjectHideFlags: 0
  serializedVersion: 2
  m_Modification:
    m_TransformParent: {fileID: 0}
    m_Modifications:
    - target: {fileID: 1676288655404664226, guid: 05e89a36abebe35469a80a3e1e411a79,
        type: 3}
      propertyPath: m_Name
      value: GameManager
      objectReference: {fileID: 0}
    - target: {fileID: 1676288655404664226, guid: 05e89a36abebe35469a80a3e1e411a79,
        type: 3}
      propertyPath: m_IsActive
      value: 1
      objectReference: {fileID: 0}
    - target: {fileID: 1676288655404664252, guid: 05e89a36abebe35469a80a3e1e411a79,
        type: 3}
      propertyPath: m_LocalPosition.x
      value: 0
      objectReference: {fileID: 0}
    - target: {fileID: 1676288655404664252, guid: 05e89a36abebe35469a80a3e1e411a79,
        type: 3}
      propertyPath: m_LocalPosition.y
      value: 0
      objectReference: {fileID: 0}
    - target: {fileID: 1676288655404664252, guid: 05e89a36abebe35469a80a3e1e411a79,
        type: 3}
      propertyPath: m_LocalPosition.z
      value: 0
      objectReference: {fileID: 0}
    - target: {fileID: 1676288655404664252, guid: 05e89a36abebe35469a80a3e1e411a79,
        type: 3}
      propertyPath: m_LocalRotation.x
      value: 0
      objectReference: {fileID: 0}
    - target: {fileID: 1676288655404664252, guid: 05e89a36abebe35469a80a3e1e411a79,
        type: 3}
      propertyPath: m_LocalRotation.y
      value: 0
      objectReference: {fileID: 0}
    - target: {fileID: 1676288655404664252, guid: 05e89a36abebe35469a80a3e1e411a79,
        type: 3}
      propertyPath: m_LocalRotation.z
      value: 0
      objectReference: {fileID: 0}
    - target: {fileID: 1676288655404664252, guid: 05e89a36abebe35469a80a3e1e411a79,
        type: 3}
      propertyPath: m_LocalRotation.w
      value: 1
      objectReference: {fileID: 0}
    - target: {fileID: 1676288655404664252, guid: 05e89a36abebe35469a80a3e1e411a79,
        type: 3}
      propertyPath: m_RootOrder
      value: 7
      objectReference: {fileID: 0}
    - target: {fileID: 1676288655404664252, guid: 05e89a36abebe35469a80a3e1e411a79,
        type: 3}
      propertyPath: m_LocalEulerAnglesHint.x
      value: 0
      objectReference: {fileID: 0}
    - target: {fileID: 1676288655404664252, guid: 05e89a36abebe35469a80a3e1e411a79,
        type: 3}
      propertyPath: m_LocalEulerAnglesHint.y
      value: 0
      objectReference: {fileID: 0}
    - target: {fileID: 1676288655404664252, guid: 05e89a36abebe35469a80a3e1e411a79,
        type: 3}
      propertyPath: m_LocalEulerAnglesHint.z
      value: 0
      objectReference: {fileID: 0}
    - target: {fileID: 1676288655170941271, guid: 05e89a36abebe35469a80a3e1e411a79,
        type: 3}
      propertyPath: m_Camera
      value: 
      objectReference: {fileID: 519420031}
    m_RemovedComponents: []
  m_SourcePrefab: {fileID: 100100000, guid: 05e89a36abebe35469a80a3e1e411a79, type: 3}
--- !u!1001 &4194684071907807857
PrefabInstance:
  m_ObjectHideFlags: 0
  serializedVersion: 2
  m_Modification:
    m_TransformParent: {fileID: 0}
    m_Modifications:
    - target: {fileID: 4194684070484443173, guid: 0311ae4995748034a8289448c52688db,
        type: 3}
      propertyPath: m_Name
      value: Walls
      objectReference: {fileID: 0}
    - target: {fileID: 4194684070484443172, guid: 0311ae4995748034a8289448c52688db,
        type: 3}
      propertyPath: m_LocalPosition.x
      value: 0
      objectReference: {fileID: 0}
    - target: {fileID: 4194684070484443172, guid: 0311ae4995748034a8289448c52688db,
        type: 3}
      propertyPath: m_LocalPosition.y
      value: 0
      objectReference: {fileID: 0}
    - target: {fileID: 4194684070484443172, guid: 0311ae4995748034a8289448c52688db,
        type: 3}
      propertyPath: m_LocalPosition.z
      value: 0
      objectReference: {fileID: 0}
    - target: {fileID: 4194684070484443172, guid: 0311ae4995748034a8289448c52688db,
        type: 3}
      propertyPath: m_LocalRotation.x
      value: 0
      objectReference: {fileID: 0}
    - target: {fileID: 4194684070484443172, guid: 0311ae4995748034a8289448c52688db,
        type: 3}
      propertyPath: m_LocalRotation.y
      value: 0
      objectReference: {fileID: 0}
    - target: {fileID: 4194684070484443172, guid: 0311ae4995748034a8289448c52688db,
        type: 3}
      propertyPath: m_LocalRotation.z
      value: 0
      objectReference: {fileID: 0}
    - target: {fileID: 4194684070484443172, guid: 0311ae4995748034a8289448c52688db,
        type: 3}
      propertyPath: m_LocalRotation.w
      value: 1
      objectReference: {fileID: 0}
    - target: {fileID: 4194684070484443172, guid: 0311ae4995748034a8289448c52688db,
        type: 3}
      propertyPath: m_RootOrder
      value: 5
      objectReference: {fileID: 0}
    - target: {fileID: 4194684070484443172, guid: 0311ae4995748034a8289448c52688db,
        type: 3}
      propertyPath: m_LocalEulerAnglesHint.x
      value: 0
      objectReference: {fileID: 0}
    - target: {fileID: 4194684070484443172, guid: 0311ae4995748034a8289448c52688db,
        type: 3}
      propertyPath: m_LocalEulerAnglesHint.y
      value: 0
      objectReference: {fileID: 0}
    - target: {fileID: 4194684070484443172, guid: 0311ae4995748034a8289448c52688db,
        type: 3}
      propertyPath: m_LocalEulerAnglesHint.z
      value: 0
      objectReference: {fileID: 0}
    - target: {fileID: 1970005378, guid: 0311ae4995748034a8289448c52688db, type: 3}
      propertyPath: m_Color.r
      value: 0.8207547
      objectReference: {fileID: 0}
    - target: {fileID: 1970005378, guid: 0311ae4995748034a8289448c52688db, type: 3}
      propertyPath: m_Color.g
      value: 0.73574334
      objectReference: {fileID: 0}
    - target: {fileID: 1970005378, guid: 0311ae4995748034a8289448c52688db, type: 3}
      propertyPath: m_Color.b
      value: 0.70073867
      objectReference: {fileID: 0}
    - target: {fileID: 1970005378, guid: 0311ae4995748034a8289448c52688db, type: 3}
      propertyPath: m_Color.a
      value: 1
      objectReference: {fileID: 0}
    m_RemovedComponents: []
  m_SourcePrefab: {fileID: 100100000, guid: 0311ae4995748034a8289448c52688db, type: 3}
--- !u!1001 &4747325699649507373
PrefabInstance:
  m_ObjectHideFlags: 0
  serializedVersion: 2
  m_Modification:
    m_TransformParent: {fileID: 0}
    m_Modifications:
    - target: {fileID: 4747325699877283921, guid: 7b4abaef20df4f34ea7051b3b5b3a090,
        type: 3}
      propertyPath: m_Name
      value: Main Camera
      objectReference: {fileID: 0}
    - target: {fileID: 4747325699877284013, guid: 7b4abaef20df4f34ea7051b3b5b3a090,
        type: 3}
      propertyPath: m_LocalPosition.x
      value: 8
      objectReference: {fileID: 0}
    - target: {fileID: 4747325699877284013, guid: 7b4abaef20df4f34ea7051b3b5b3a090,
        type: 3}
      propertyPath: m_LocalPosition.y
      value: 6
      objectReference: {fileID: 0}
    - target: {fileID: 4747325699877284013, guid: 7b4abaef20df4f34ea7051b3b5b3a090,
        type: 3}
      propertyPath: m_LocalPosition.z
      value: -10
      objectReference: {fileID: 0}
    - target: {fileID: 4747325699877284013, guid: 7b4abaef20df4f34ea7051b3b5b3a090,
        type: 3}
      propertyPath: m_LocalRotation.x
      value: 0
      objectReference: {fileID: 0}
    - target: {fileID: 4747325699877284013, guid: 7b4abaef20df4f34ea7051b3b5b3a090,
        type: 3}
      propertyPath: m_LocalRotation.y
      value: 0
      objectReference: {fileID: 0}
    - target: {fileID: 4747325699877284013, guid: 7b4abaef20df4f34ea7051b3b5b3a090,
        type: 3}
      propertyPath: m_LocalRotation.z
      value: 0
      objectReference: {fileID: 0}
    - target: {fileID: 4747325699877284013, guid: 7b4abaef20df4f34ea7051b3b5b3a090,
        type: 3}
      propertyPath: m_LocalRotation.w
      value: 1
      objectReference: {fileID: 0}
    - target: {fileID: 4747325699877284013, guid: 7b4abaef20df4f34ea7051b3b5b3a090,
        type: 3}
      propertyPath: m_RootOrder
      value: 0
      objectReference: {fileID: 0}
    - target: {fileID: 4747325699877284013, guid: 7b4abaef20df4f34ea7051b3b5b3a090,
        type: 3}
      propertyPath: m_LocalEulerAnglesHint.x
      value: 0
      objectReference: {fileID: 0}
    - target: {fileID: 4747325699877284013, guid: 7b4abaef20df4f34ea7051b3b5b3a090,
        type: 3}
      propertyPath: m_LocalEulerAnglesHint.y
      value: 0
      objectReference: {fileID: 0}
    - target: {fileID: 4747325699877284013, guid: 7b4abaef20df4f34ea7051b3b5b3a090,
        type: 3}
      propertyPath: m_LocalEulerAnglesHint.z
      value: 0
      objectReference: {fileID: 0}
    m_RemovedComponents: []
  m_SourcePrefab: {fileID: 100100000, guid: 7b4abaef20df4f34ea7051b3b5b3a090, type: 3}
--- !u!1001 &7454789092119462881
PrefabInstance:
  m_ObjectHideFlags: 0
  serializedVersion: 2
  m_Modification:
    m_TransformParent: {fileID: 0}
    m_Modifications:
    - target: {fileID: 7454789092822018439, guid: b9f5a3f5de3cdfd4ea183efe6a55e245,
        type: 3}
      propertyPath: m_Name
      value: Pad
      objectReference: {fileID: 0}
    - target: {fileID: 7454789092822018441, guid: b9f5a3f5de3cdfd4ea183efe6a55e245,
        type: 3}
      propertyPath: m_LocalPosition.x
      value: 8.23
      objectReference: {fileID: 0}
    - target: {fileID: 7454789092822018441, guid: b9f5a3f5de3cdfd4ea183efe6a55e245,
        type: 3}
      propertyPath: m_LocalPosition.y
      value: 0.98
      objectReference: {fileID: 0}
    - target: {fileID: 7454789092822018441, guid: b9f5a3f5de3cdfd4ea183efe6a55e245,
        type: 3}
      propertyPath: m_LocalPosition.z
      value: 0
      objectReference: {fileID: 0}
    - target: {fileID: 7454789092822018441, guid: b9f5a3f5de3cdfd4ea183efe6a55e245,
        type: 3}
      propertyPath: m_LocalRotation.x
      value: 0
      objectReference: {fileID: 0}
    - target: {fileID: 7454789092822018441, guid: b9f5a3f5de3cdfd4ea183efe6a55e245,
        type: 3}
      propertyPath: m_LocalRotation.y
      value: 0
      objectReference: {fileID: 0}
    - target: {fileID: 7454789092822018441, guid: b9f5a3f5de3cdfd4ea183efe6a55e245,
        type: 3}
      propertyPath: m_LocalRotation.z
      value: 0
      objectReference: {fileID: 0}
    - target: {fileID: 7454789092822018441, guid: b9f5a3f5de3cdfd4ea183efe6a55e245,
        type: 3}
      propertyPath: m_LocalRotation.w
      value: 1
      objectReference: {fileID: 0}
    - target: {fileID: 7454789092822018441, guid: b9f5a3f5de3cdfd4ea183efe6a55e245,
        type: 3}
      propertyPath: m_RootOrder
      value: 4
      objectReference: {fileID: 0}
    - target: {fileID: 7454789092822018441, guid: b9f5a3f5de3cdfd4ea183efe6a55e245,
        type: 3}
      propertyPath: m_LocalEulerAnglesHint.x
      value: 0
      objectReference: {fileID: 0}
    - target: {fileID: 7454789092822018441, guid: b9f5a3f5de3cdfd4ea183efe6a55e245,
        type: 3}
      propertyPath: m_LocalEulerAnglesHint.y
      value: 0
      objectReference: {fileID: 0}
    - target: {fileID: 7454789092822018441, guid: b9f5a3f5de3cdfd4ea183efe6a55e245,
        type: 3}
      propertyPath: m_LocalEulerAnglesHint.z
      value: 0
      objectReference: {fileID: 0}
    m_RemovedComponents: []
  m_SourcePrefab: {fileID: 100100000, guid: b9f5a3f5de3cdfd4ea183efe6a55e245, type: 3}
--- !u!1001 &7669206030159904871
PrefabInstance:
  m_ObjectHideFlags: 0
  serializedVersion: 2
  m_Modification:
    m_TransformParent: {fileID: 0}
    m_Modifications:
    - target: {fileID: 7669206030553720865, guid: 692a5e088da15814bb5d8b8dbbd0dd7d,
        type: 3}
      propertyPath: m_Name
      value: Ball
      objectReference: {fileID: 0}
    - target: {fileID: 7669206030553720879, guid: 692a5e088da15814bb5d8b8dbbd0dd7d,
        type: 3}
      propertyPath: m_LocalPosition.x
      value: 8.5281
      objectReference: {fileID: 0}
    - target: {fileID: 7669206030553720879, guid: 692a5e088da15814bb5d8b8dbbd0dd7d,
        type: 3}
      propertyPath: m_LocalPosition.y
      value: 2.0198
      objectReference: {fileID: 0}
    - target: {fileID: 7669206030553720879, guid: 692a5e088da15814bb5d8b8dbbd0dd7d,
        type: 3}
      propertyPath: m_LocalPosition.z
      value: 0
      objectReference: {fileID: 0}
    - target: {fileID: 7669206030553720879, guid: 692a5e088da15814bb5d8b8dbbd0dd7d,
        type: 3}
      propertyPath: m_LocalRotation.x
      value: 0
      objectReference: {fileID: 0}
    - target: {fileID: 7669206030553720879, guid: 692a5e088da15814bb5d8b8dbbd0dd7d,
        type: 3}
      propertyPath: m_LocalRotation.y
      value: 0
      objectReference: {fileID: 0}
    - target: {fileID: 7669206030553720879, guid: 692a5e088da15814bb5d8b8dbbd0dd7d,
        type: 3}
      propertyPath: m_LocalRotation.z
      value: 0
      objectReference: {fileID: 0}
    - target: {fileID: 7669206030553720879, guid: 692a5e088da15814bb5d8b8dbbd0dd7d,
        type: 3}
      propertyPath: m_LocalRotation.w
      value: 1
      objectReference: {fileID: 0}
    - target: {fileID: 7669206030553720879, guid: 692a5e088da15814bb5d8b8dbbd0dd7d,
        type: 3}
      propertyPath: m_RootOrder
      value: 3
      objectReference: {fileID: 0}
    - target: {fileID: 7669206030553720879, guid: 692a5e088da15814bb5d8b8dbbd0dd7d,
        type: 3}
      propertyPath: m_LocalEulerAnglesHint.x
      value: 0
      objectReference: {fileID: 0}
    - target: {fileID: 7669206030553720879, guid: 692a5e088da15814bb5d8b8dbbd0dd7d,
        type: 3}
      propertyPath: m_LocalEulerAnglesHint.y
      value: 0
      objectReference: {fileID: 0}
    - target: {fileID: 7669206030553720879, guid: 692a5e088da15814bb5d8b8dbbd0dd7d,
        type: 3}
      propertyPath: m_LocalEulerAnglesHint.z
      value: 0
      objectReference: {fileID: 0}
    - target: {fileID: 7669206030553720876, guid: 692a5e088da15814bb5d8b8dbbd0dd7d,
        type: 3}
      propertyPath: pad
      value: 
      objectReference: {fileID: 1444948586}
    m_RemovedComponents: []
  m_SourcePrefab: {fileID: 100100000, guid: 692a5e088da15814bb5d8b8dbbd0dd7d, type: 3}
